01REMESSA01COBRANCA       00000000000005556863Agropecuaria Vista Alegre LTDA237BRADESCO       020822        MX0000018                                                                                                                                                                                                                                                                                     000001
1000000000000000000000040338605219000                         2370                          2                 0000596901030222000000489600000000000  N030222    0000000000000                                             0205826986000258FRIGORIFICO BETTER BEEF LTDA            RODOVIA SP 284, KM 519                              1900060005826986000258                                              000002
1000000000000000000000040338605219000                         2370                          2                 0000596911030222000000474500000000000  N030222    0000000000000                                             0205826986000258FRIGORIFICO BETTER BEEF LTDA            RODOVIA SP 284, KM 519                              1900060005826986000258                                              000003
1000000000000000000000040338605219000                         2370                          2                 0000597301030222000001360000000000000  N030222    0000000000000                                             0205826986000258FRIGORIFICO BETTER BEEF LTDA            RODOVIA SP 284, KM 519                              1900060005826986000258                                              000004
9                                                                                                                                                                                                                                                                                                                                                                                                         000005
