01REMESSA01COBRANCA       00000000000000000000Agropecuaria Vista Alegre LTDA237BRADESCO       250722        MX0000000                                                                                                                                                                                                                                                                                     000002
1                   00000000000000000          00             2370    00000000   0          2N                00002559112404180000000100000        01N24041800000000000000000                                             0107426228000197ALINE DOS REIS MASON BETINE - ME        R NOEL ROSA, 126                                    17514780                                                            000002
1                   00000000000000000          00             2370    00000001   0          2N                00002784911608180000000078960        01N16081800000000000000000                                             0100028716986865CICERO APARECIDO CARDOSO                ASSENTAMENTO SAO BENTO I LOTE 18                    19270000                                                            000003
1                   00000000000000000          00             2370    00000002   0          2N                00002601911705180000000368100        01N17051800000000000000000                                             0126660749000159JORGE HENRIQUE PEDROSO DA SILVA         R PROFESSORA JOVINA NOGUEIRA FRAGA                  19600000                                                            000004
1                   00000000000000000          00             2370    00000003   0          2N                00002454611502180000000722500        01N15021800000000000000000                                             0109471980000851MARCELO OSTO PARO E OUTROS              FAZ REUNIDAS SAO JUDAS TADEU                        19400000                                                            000005
9                                                                                                                                                                                                                                                                                                                                                                                                         000006

